%% Articolo esempio
%@article{
%  Birdetal2001,
%  Author = {Bird, R. B. and Smith, E. A. and Bird, D. W.},
%  Title = {The hunting handicap: costly signaling in human
%  foraging strategies},
%  Journal = {Behavioral Ecology and Sociobiology},
%  Volume = {50},
%  Pages = {9-19},
%  Year = {2001}
%}
%
%% Articolo esempio
%@article{
%  Tristano2020,
%  Author = {T. Munini},
%  Title = {The hunting handicap: costly signaling in human
%  foraging strategies},
%  Journal = {Behavioral Ecology and Sociobiology},
%  Volume = {50},
%  Pages = {9-19},
%  Year = {2001}
%}

@article{
  programming_language,
  Author = {A. Phillips L. Cardelli},
  Title = {A programming language for composable DNA circuits},
  Journal = {The Royal Society},
  Year = {2009}
}

@article{
  strand_graph,
  Author = {R. L. Petersen M. R. Lakin A. Phillips},
  Title = {A strand graph semantics for DNA-based computation},
  Journal = {HHS Public Access},
  Year = {2016}
}

@article{
  logic_programming,
  Author = {C. Spaccasassi M. R. Lakin A. Phillips},
  Title = {A logic programming language for computational nucleic acid devices},
  Journal = {ACS Synthetic Biology},
  Year = {2019}
}

@article{
  survey_dna,
  Author = {Nadia Pisanti},
  Title = {A survey on DNA computing},
  Year = {1997}
}

@article{
  cargo_dna,
  Author = {A. J. Thubagere L. Weim et al.},
  Title = {A cargo-sorting DNA robot},
  Journal = {Science 357},
  Year = {2017}
}

@article{
  biomol_machine,
  Author = {Y. Benenson T. Paz-Elizur et al.},
  Title = {Programmable and autonomous computing machine made of biomolecules},
  Journal = {Nature},
  Year = {2001}
}

@article{
  surface_crn,
  Author = {L. Quian E. Winfree},
  Title = {Parallel and scalable computation and spatial dynamics with DNA-based chemical reaction networks on surface},
  Year = {2014}
}

@article{
  adleman,
  Author = {L. Adleman},
  Title = {Molecular computation of solutions to combinatorial problems},
  Journal = {Science 266},
  Year = {1994}
}

@article{
  hartmanis,
  Author = {J. Hartmanis},
  Title = {On the weight of computation},
  Journal = {Bulletin of the European Association for Theoretical Computer Science},
  Year = {1995}
}

% Da aggiungere
% Adleman
% Il peso della computazione

